1934 3706
364 114 625 218 Clypmsfixnlls.
840 144 903 216 15⁷

95 219 146 287 vit
163 218 331 292 Christum
354 219 538 295 Dominum
553 220 737 292 essenorum
748 218 901 294 Meffiam

96 317 133 386 in
161 316 235 415 lege
261 319 461 414 promissum.
492 314 716 405 §canistrum
746 324 901 417 temporit

96 422 191 512 capit
204 415 340 489 deficere
355 429 410 504 ,δι
422 422 576 492 Callidus
588 418 761 494 Rabbinus
777 444 899 517 praevac·

91 518 160 591 lere
175 564 185 595 ‚
202 541 269 613 quo
285 542 439 616 percepto
454 521 472 590 a
489 521 635 591 Doulore
662 518 821 599 latitante,
836 514 900 587 ob·

67 698 74 715 x
93 617 197 683 tinuit
208 618 369 690 mediante
384 624 475 692 Patre
496 614 634 688 familias
651 640 710 698 ,ut
721 614 785 716 ipse
797 606 903 714 potin

92 713 181 783 inter
199 711 275 784 illos
285 717 475 798 discurrere,
488 742 559 814 quo
574 717 733 799 obtento,
751 716 898 786 tanrllre·

94 835 162 881 nue
176 815 343 886 dimicavit
357 816 446 913 quod
461 813 627 888 manifeste
640 811 797 912 superavit
809 813 899 888 Rab÷

94 907 237 1081 gnum,
259 918 305 983 ita
325 937 363 986 ut
387 916 521 987 coactus
544 914 581 987 stt
610 911 705 987 fateri
729 915 899 987 Christum
950 930 952 937 ⁴

131 1014 279 1084 ominum
306 1011 367 1087 elle
402 1034 514 1085 verum
550 1012 713 1089 Meffiam.
751 1014 903 1109 Indeque

54 1120 57 1127 '
96 1104 292 1202 baptismum
310 1107 433 1185 abillis
463 1113 709 1208 expostulavit:
732 1114 911 1183 undeortau

94 1209 140 1276 est
152 1232 243 1283 nova
267 1213 401 1305 qoaestio
424 1216 555 1284 cuinam
570 1234 612 1282 ex
623 1208 691 1284 illis
708 1208 744 1281 se
758 1212 898 1282 traderet

94 1302 291 1401 proselitam.
311 1314 438 1384 Dostor
466 1314 559 1399 enim·
584 1308 761 1382 Calvinilla
785 1312 901 1380 temlit

95 1403 167 1486 illi,
181 1430 248 1478 tam
261 1402 317 1477 etsr
333 1405 397 1509 ipse
411 1417 445 1483 &
460 1406 627 1482 Praesbiter
645 1414 816 1483 Romanus
836 1402 899 1477 fint

95 1528 172 1577 vere
188 1506 391 1591 Christiani,
404 1531 462 1606 per
475 1512 578 1584 variat
595 1526 700 1582 tamen
713 1501 900 1582 &diversae

95 1601 223 1678 semitas
243 1607 411 1680 incedunt.

82 1756 87 1763 -
148 1734 205 1796 ²3·
232 1712 454 1802 Interrogavit
480 1730 560 1806 ergo
587 1703 744 1779 Hebraens
770 1731 811 1778 an
840 1705 901 1777 ali·

99 1804 234 1899 quando
254 1802 377 1876 fuerint
397 1803 583 1878 conformes
608 1802 698 1877 fimul
712 1812 745 1878 in
760 1802 900 1878 Ecclesia

78 1905 210 1977 -eadem
228 1913 261 1977 &
282 1901 432 2002 quisnam
450 1927 488 1976 ex
512 1901 579 1974 illis
596 1902 738 1979 discellit
764 1902 806 1975 ab
820 1903 899 1980 alio.

75 2000 278 2076 -Calvinilla
302 1999 475 2102 respondit·
503 2000 688 2078 Ecclesiam.
702 2005 902 2096 primitivam

95 2098 192 2175 soille
209 2127 417 2174 communem
442 2111 477 2178 &
492 2099 690 2173 uniformem
704 2102 770 2174 illis
783 2103 804 2174 a
816 2107 903 2200 prin-

94 2205 186 2295 cipio
212 2196 384 2298 :processo
404 2223 484 2276 vero
508 2206 664 2294 temporis'
685 2222 736 2275 tot
761 2204 904 2275 innova·

96 2305 204 2374 tiones
229 2312 263 2375 δι
295 2305 526 2401 corruptiones
553 2297 683 2371 intrasse
697 2350 718 2385 ‚-
734 2322 772 2372 nt
795 2298 904 2397 plnres

94 2399 298 2502 desperantes
322 2402 366 2474 de
376 2397 546 2475 securitate
573 2394 684 2471 salutis
703 2397 739 2473 in
761 2396 821 2470 illa
846 2424 905 2500 pe-

72 2505 222 2572 ·tierunt
248 2496 338 2571 snam
364 2497 567 2573 securitatem
587 2521 683 2571 ext-ra
712 2496 841 2584 illam,
867 2507 903 2574 δι

94 2601 187 2697 qood
200 2592 269 2697 ipso
283 2621 351 2670 erat
371 2597 522 2677 cum-sua
539 2594 623 2668 seua
639 2620 677 2673 ex
692 2621 830 2673 numero
845 2620 905 2673 eo·

76 2723 172 2770 ¹turn
187 2701 246 2796 qui
261 2693 468 2779 discesserunt
495 2693 546 2769 ab,
565 2692 638 2770 illae
732 2748 753 2755 --
916 2765 920 2773 .

147 2799 368 2894 Interrogavit
397 2824 428 2872 t.
449 2790 609 2869 liebtaeus
628 2797 905 2871 arr-retinuerunt

73 2900 133 2969 ''in
149 2895 208 2967 illa
223 2891 371 2970 Ecclesra
379 2898 516 2993 antiqua
529 2917 642 2966 omnm
657 2892 815 2968 articulos
828 2890 908 2969 fidei

96 3016 186 3092 quos
207 3015 398 3094 receperunt
421 2994 442 3067 a
464 2986 632 3093 prinoipio
647 2989 907 3079 fimuleomillis

66 3094 174 3167 ··aliit
197 3091 477 3183 innovationibus·
487 3088 709 3183 &steletibua
723 3094 765 3166 de
781 3092 907 3195 quibua

47 3282 50 3287 -
94 3188 261 3297 ΨΜ*
279 3190 374 3308 {lion
401 3190 593 3303 ΝΜ
613 3192 801 3302 curnam
814 3187 909 3299 ὡς
