2002 3704
95 229 148 304 92
335 202 484 316 clypeus
500 202 638 296 Exulis.

93 303 193 380 vetfis
213 306 431 389 muneribus,
459 304 514 380 seu
529 306 717 383 Civilibus,
729 294 785 376 seu
812 307 872 380 mi.

96 402 499 503 lienibusfimtlfisunt,
529 405 596 478 five
628 405 746 477 eodem
774 453 786 484 ,
812 402 872 480 ive

75 496 230 576 -divetsrs
256 505 466 602 temporibus
486 526 545 601 pro
575 503 619 575 fin
647 504 723 573 ulis·
755 498 872 600 separa-
915 560 917 567 .

95 605 160 674 tim
182 624 364 682 taxantur,
390 596 431 674 ’δι
442 608 523 699 quia
544 528 694 677 recusant
719 608 872 698 juramen·

98 722 171 771 tunt
196 701 394 796 pradictum
420 701 598 796 prestare,
639 722 700 796 pro
740 696 874 798 singulis

96 799 229 897 duplo;
252 803 321 869 imo
339 799 478 898 quidam
506 801 572 869 viri
596 798 744 878 Nobiles
767 801 869 873 Ordi-

98 898 155 987 nis·
172 897 365 991 Equestris,
385 900 447 994 qui
471 899 489 969 l
511 901 606 993 Rege
630 895 777 995 lambo,
802 916 872 968 curn

98 988 177 1063 esset
194 996 230 1061 in
244 994 418 1090 Hybernia
442 1043 454 1074 ,
484 1000 583 1065 creati
608 989 685 1066 sunt
714 995 873 1081 Comites,

97 1089 153 1161 vel
170 1097 328 1173 Baiones,
343 1116 411 1162 non
423 1087 533 1165 solum
546 1085 719 1164 censentur
732 1117 773 1163 ex
788 1098 874 1190 prio·

97 1189 189 1261 ribus
201 1189 410 1272 muneribus,
416 1187 494 1291 quae
507 1186 680 1289 gesserant,
696 1189 874 1270 sedetiam,

97 1307 138 1359 nt
152 1289 329 1369 Comites,
345 1293 498 1387 quamvis
517 1293 582 1386 jam
602 1311 662 1359 nec
687 1287 875 1382 timloillo,

98 1392 162 1457 bec
189 1388 375 1485 privilegiis
399 1390 452 1461 isti
464 1390 621 1486 dignitati
658 1390 794 1460 annexis
816 1385 877 1458 frati

96 1491 336 1581 permittantur.
350 1490 413 1559 Hae
438 1538 450 1570 ,
479 1493 516 1556 &
545 1485 655 1583 plures
682 1484 877 1584 hujusmodi

6 1594 61 1677 *e
95 1577 544 1680 gravissimu-impositiones,
560 1589 595 1655 δι
616 1577 880 1691 νεκετὶὸηεεμς

11 1672 30 1771 ἦ,
51 1679 689 1778 “·-ἐᾶίφὰεάἰτὶοηὶεροηὶτιιεεοηιῐᾱτίε
716 1706 880 1780 nonpau·

1 1775 2 1780 ’
91 1796 157 1851 'cos
170 1784 233 1877 ‘pam
243 1780 335 1852 undu
349 1783 486 1877 primae,
503 1785 539 1851 &
553 1776 880 1878 opulentiffimae‘no.

22 1948 25 1953 .
99 1874 244 1950 bilitatis
256 1879 393 1957 virosad
403 1860 649 1951 mendicitatem
671 1882 880 1978 redegerunt,

102 1981 140 2047 δε
155 1975 264 2050 solum
275 1980 392 2078 degere
405 2027 417 2060 ,
428 1981 531 2051 vitam
542 1981 576 2048 in
586 1975 808 2051 remotillirnis
820 1985 882 2073 llu-

101 2075 193 2174 gliae,
205 2080 259 2148 vel
279 2078 398 2152 valliae
411 2075 556 2172 partibus
571 2070 711 2148 obscnrl
723 2071 878 2175 transige·

67 2256 73 2265 .
102 2182 341 2275 recoligerunt.
371 2177 405 2248 Si
419 2173 546 2275 fingula
559 2175 657 2272 hujus
669 2176 883 2273 generisc'ru·
912 2183 917 2211 ⁶

15 2314 18 2321 ·
102 2270 266 2359 delitatis,
280 2275 516 2363 &trallionis
532 2273 683 2371 exempla
698 2295 882 2361 enumerare

98 2370 237 2453 vellem,
253 2373 365 2444 brevis
378 2376 573 2444 narrationis
584 2370 666 2443 fines
680 2367 881 2470 transgrede·

17 2482 20 2487 '
41 2461 167 2543 ffi'rer.
179 2466 465 2569 Sufficiat,quotl·
485 2468 589 2543 nullis
612 2470 730 2540 verbis
744 2471 882 2569 exprimi

15 2568 23 2581 ”
105 2563 241 2668 poliunt
252 2571 464 2664 calamitates,
478 2574 516 2641 δε
530 2561 754 2667 oppressiones
769 2586 795 2650 ‚⁴
809 2569 884 2665 qui.

108 2669 174 2742 bus
187 2667 485 2742 miseri-'Catholici
510 2671 547 2736 in
578 2666 752 2760 Hybernia
783 2665 883 2736 bodie

105 2769 375 2867 obrutigemunt.
405 2773 463 2840 Fas
490 2765 661 2864 est·igitur
685 2766 796 2834 dicere
822 2759 885 2833 sine

103 2870 367 2963 exaggeratione,
384 2867 522 2936 Patriam
536 2862 629 2934 illam
643 2864 798 2941 nostram,
836 2884 884 2930 uae

105 2962 190 3032 olim
206 2962 431 3059 appellabatur
447 2959 557 3034 Insula
584 2963 780 3034 Sanblorum
793 2888 885 3038 ,sac-

108 3082 176 3131 tarn
189 3056 251 3130 elle
265 3056 515 3137 infeliciffimam
541 3063 646 3129 totius
662 3057 767 3130 Orbis
785 3056 887 3127 Chri-

103 3160 198 3231 stiani
212 3159 371 3256 Plaganr,
393 3152 581 3255 speluncam
602 3159 799 3237 latronum,
827 3155 890 3250 qui

104 3258 240 3358 perditis
251 3256 423 3341 motibus,
451 3256 614 3358 religione
641 3255 764 3338 nulla,
797 3253 896 3335 nulls
